@Misc{a,
    title = "{武内修＠筑波大 ラグランジュ力学と未定係数法}",
    note = "\url{https://dora.bk.tsukuba.ac.jp/~takeuchi/?%E8%A7%A3%E6%9E%90%E5%8A%9B%E5%AD%A6%2F%E3%83%A9%E3%82%B0%E3%83%A9%E3%83%B3%E3%82%B8%E3%83%A5%E5%8A%9B%E5%AD%A6%E3%81%A8%E6%9C%AA%E5%AE%9A%E4%BF%82%E6%95%B0%E6%B3%95}"
}